@misc{waarde2019data,
    title={Data informativity: a new perspective on data-driven analysis and control},
    author={Henk J. van Waarde and Jaap Eising and Harry L. Trentelman and M. Kanat Camlibel},
    year={2019},
    eprint={1908.00468},
    archivePrefix={arXiv},
    primaryClass={math.OC}
}

@misc{waarde2020noisy,
    title={From noisy data to feedback controllers: non-conservative design via a matrix S-lemma},
    author={Henk J. van Waarde and M. Kanat Camlibel and Mehran Mesbahi},
    year={2020},
    eprint={2006.00870},
    archivePrefix={arXiv},
    primaryClass={math.OC}
}

@book{bookTrentelman,
	title={Control theory for linear systems},
	author={Trentelman, Harry L and Stoorvogel, Anton A and Hautus, Malo},
	year={2012},
	publisher={Springer Science \& Business Media}
}

@article{bookMoonen,
	title={On-and off-line identification of linear state-space models},
	author={Moonen, Marc and De Moor, Bart and Vandenberghe, Lieven and Vandewalle, Joos},
	journal={International Journal of Control},
	volume={49},
	number={1},
	pages={219--232},
	year={1989},
	publisher={Taylor \& Francis}
}